@book{bk:ipki,
	title = {Inżynieria programowania kart inteligentnych},
	year = {2005},
	author = {Piotr Nazimek},
	address = {Warszawa},
}

@book{ust:tur,
	title = {Ustawa z dnia 29 sierpnia 1997 r. o usługach turystycznych},
	year = {},
	author = {},
	address = {}
}
% ex: set tabstop=4 shiftwidth=4 softtabstop=4 noexpandtab fileformat=unix filetype=bib spelllang=pl,en spell:
