

@book{KlasKatZakHot,
	author = {Renata Danasiewicz},
	title = {Klasyfikacja i kategoryzacja zakładów hotelarskich},
	publisher = {Instytut Technologii Eksploatacji - Państwowy Instytut Badawczy},
	year = {Radom 2006}
}

@book{OrgaDzialHot,
	author = {M. Kołodziejczyk, B. Górka},
	title = {Organizowanie działalności hotelarskiej},
	publisher = {Instytut Technologii Eksploatacji - Państwowy Instytut Badawczy},
	year = {Radom 2006}
}

@book{hotel2:part1,
	author = {Urszula Tusiek},
	title = {Organizowanie pracy w recepcji zakładu hotelarskiego},
	publisher = {Instytut Technologii Eksploatacji - Państwowy Instytut Badawczy},
	year = {Radom 2006}
}

%{WnioskStat,
%	author = {Gajek Lesław and Kałuszka Marek},
%	editor = {Szymańska Liliana},
%	title = {Wnioskowanie statystyczne - modele i metody},
%	publisher = {Wydawnictwa Naukowo-Techniczne},
%	year = {Warszawa 1993, 1996},
%	edition = {trzecie},
%}

%{StatDlaInz,
%	author = {Benjamin Jack R. and Cornell C. Allin},
%	title = {Rachunek prawdopodobieństwa, statystyka matematyczna i teoria %decyzji dla inżynierów},
%	publisher = {Wydawnictwa Naukowo-Techniczne},
%	year = {Warszawa 1977},
%	edition = {pierwsze},
%}

% ex: set tabstop=4 shiftwidth=4 softtabstop=4 noexpandtab fileformat=unix filetype=bib spelllang=pl,en spell:
